@inproceedings{BG05,
  author    = {Christel Baier and
               Marcus Gr{\"o}{\ss}er},
  title     = {Recognizing omega-regular Languages with Probabilistic Automata},
  booktitle = {LICS},
  year      = {2005},
  pages     = {137-146},
  ee        = {http://doi.ieeecomputersociety.org/10.1109/LICS.2005.41},
  crossref  = {DBLP:conf/lics/2005},
  bibsource = {DBLP, http://dblp.uni-trier.de}
}

@proceedings{DBLP:conf/lics/2005,
  title     = {20th IEEE Symposium on Logic in Computer Science (LICS 2005),
               26-29 June 2005, Chicago, IL, USA, Proceedings},
  booktitle = {LICS},
  publisher = {IEEE Computer Society},
  year      = {2005},
  isbn      = {0-7695-2266-1},
  bibsource = {DBLP, http://dblp.uni-trier.de}
}

@inproceedings{BBG09,
  author    = {Christel Baier and
               Nathalie Bertrand and
               Marcus Gr{\"o}{\ss}er},
  title     = {Probabilistic Acceptors for Languages over Infinite Words},
  booktitle = {SOFSEM},
  year      = {2009},
  pages     = {19-33},
  ee        = {http://dx.doi.org/10.1007/978-3-540-95891-8_3},
  crossref  = {DBLP:conf/sofsem/2009},
  bibsource = {DBLP, http://dblp.uni-trier.de}
}

@proceedings{DBLP:conf/sofsem/2009,
  editor    = {Mogens Nielsen and
               Anton\'{\i}n Kucera and
               Peter Bro Miltersen and
               Catuscia Palamidessi and
               Petr Tuma and
               Frank D. Valencia},
  title     = {SOFSEM 2009: Theory and Practice of Computer Science, 35th
               Conference on Current Trends in Theory and Practice of Computer
               Science, Spindleruv Ml{\'y}n, Czech Republic, January
               24-30, 2009. Proceedings},
  booktitle = {SOFSEM},
  publisher = {Springer},
  series    = {Lecture Notes in Computer Science},
  volume    = {5404},
  year      = {2009},
  isbn      = {978-3-540-95890-1},
  ee        = {http://dx.doi.org/10.1007/978-3-540-95891-8},
  bibsource = {DBLP, http://dblp.uni-trier.de}
}

@inproceedings{BBG08,
  author    = {Christel Baier and
               Nathalie Bertrand and
               Marcus Gr{\"o}{\ss}er},
  title     = {On Decision Problems for Probabilistic B{\"u}chi Automata},
  booktitle = {FoSSaCS},
  year      = {2008},
  pages     = {287-301},
  ee        = {http://dx.doi.org/10.1007/978-3-540-78499-9_21},
  crossref  = {DBLP:conf/fossacs/2008},
  bibsource = {DBLP, http://dblp.uni-trier.de}
}

@proceedings{DBLP:conf/fossacs/2008,
  editor    = {Roberto M. Amadio},
  title     = {Foundations of Software Science and Computational Structures,
               11th International Conference, FOSSACS 2008, Held as Part
               of the Joint European Conferences on Theory and Practice
               of Software, ETAPS 2008, Budapest, Hungary, March 29 - April
               6, 2008. Proceedings},
  booktitle = {FoSSaCS},
  publisher = {Springer},
  series    = {Lecture Notes in Computer Science},
  volume    = {4962},
  year      = {2008},
  isbn      = {978-3-540-78497-5},
  bibsource = {DBLP, http://dblp.uni-trier.de}
}

@article{BBG12,
  author    = {Christel Baier and
               Nathalie Bertrand and 
               Marcus Gr{\"o}{\ss}er},
  title     = {Probabilistic {$\omega$}-automata},
  journal   = {Journal of the ACM},
  volume    = {59},
  number    = {1},
  year      = {2012},
  pages     = {1},
  ee        = {http://doi.acm.org/10.1145/2108242.2108243},
  bibsource = {DBLP, http://dblp.uni-trier.de}
}

@article{CDHR07,
 	author	= 	{Krishnendu Chatterjee and Laurent Doyen and Thomas A. Henzinger and Jean-Fran{\c{c}}ois Raskin},
 	title	= 	{Algorithms for Omega-regular Games of Incomplete Information},
 	journal	= 	{Logical Methods in Computer Science},
 	volume	= 	{3},
 	number  =	{3},
 	year	= 	{2007}
}

@book{DEKM99,
	author 		= {Richard Durbin and Sean R. Eddy and Anders Krogh and Graeme Mitchison},
	isbn 		= {0521629713},
   	month 		= jul,
   	publisher 	= {Cambridge University Press},
   	title 		= {{Biological Sequence Analysis: Probabilistic Models of Proteins and Nucleic Acids}},
	year 		= {1999}
}

@inbook{CK97,
 	author 		= {Karel Culik and Jarkko Kari},
 	title 		= {Digital images and formal languages},
 	book 		= {Handbook of formal languages, vol. 3},
 	year 		= {1997},
 	isbn 		= {3-540-60649-1},
 	pages		= {599--616},
 	numpages 	= {18},
 	publisher 	= {Springer-Verlag New York, Inc.},
}

@article{M97,
 	author 		= {Mehryar Mohri},
 	title 		= {Finite-state transducers in language and speech processing},
 	journal 	= {Computational Linguistics},
 	issue_date 	= {June 1997},
 	volume 		= {23},
 	issue 		= {2},
 	month 		= {June},
 	year 		= {1997},
 	issn 		= {0891-2017},
 	pages 		= {269--311},
 	numpages 	= {43},
	address 	= {Cambridge, MA, USA},
} 

@article{Tzeng92,
	author		= {Wen-Guey Tzeng},
	title		= {A Polynomial-Time Algorithm for the Equivalence of Probabilistic Automata},
	journal		= {SIAM Journal on Computing},
	volume		= {21(2)},
	pages		= {216-227},
	year		= {1992}
}

@article{CMR07,
	author    = {Corinna Cortes and Mehryar Mohri and Ashish Rastogi},
  	title     = {L$_P$ Distance and Equivalence of Probabilistic Automata},
  	journal   = {International Journal of Foundations of Computer Science},
  	volume    = {18},
  	number    = {4},
  	year      = {2007},
 	pages     = {761-779},
}

@article{CMRR08,
	author    = {Corinna Cortes and Mehryar Mohri and Ashish Rastogi and Michael Riley},
  	title     = {On the Computation of the Relative Entropy of Probabilistic Automata},
  	journal   = {International Journal of Foundations of Computer Science},
  	volume    = {19},
  	number    = {1},
  	year      = {2008},
  	pages     = {219-242},
}

@inproceedings{FGO12,
  	author    = {Nathana{\"e}l Fijalkow and Hugo Gimbert and Youssouf Oualhadj},
  	title     = {Deciding the Value 1 Problem for Probabilistic Leaktight Automata},
  	booktitle = {Logics in Computer Science},
  	year      = {2012},
  	pages     = {295-304},
  	ee        = {http://dx.doi.org/10.1109/LICS.2012.40},
}

@unpublished{FGKO14,
  	author    = {Nathana{\"e}l Fijalkow and Hugo Gimbert and Edon Kelmendi and Youssouf Oualhadj},
  	title     = {Deciding the Value 1 Problem for Probabilistic Leaktight Automata},
  	year      = {2014},
	note      = {Unpublished},
}

@unpublished{F14,
  	author    = {Nathana{\"e}l Fijalkow},
  	title     = {On the Optimality of the Markov Monoid Algorithm},
  	year      = {2014},
	note      = {Unpublished},
}

@article{Schutzenberger61,
	author	= {Marcel-Paul Sch\"utzenberger},
	title	= {On the definition of a family of automata},
	journal	= {Information and Control},
	volume	= {4},
	year	= {1961}
}

@inproceedings{KMOWW11,
  author    = {Stefan Kiefer and
               Andrzej S. Murawski and
               Jo{\"e}l Ouaknine and
               Bj{\"o}rn Wachter and
               James Worrell},
  title     = {Language Equivalence for Probabilistic Automata},
  booktitle = {CAV},
  year      = {2011},
  pages     = {526-540},
  ee        = {http://dx.doi.org/10.1007/978-3-642-22110-1_42},
  crossref  = {DBLP:conf/cav/2011},
  bibsource = {DBLP, http://dblp.uni-trier.de}
}

@proceedings{DBLP:conf/cav/2011,
  editor    = {Ganesh Gopalakrishnan and
               Shaz Qadeer},
  title     = {Computer Aided Verification - 23rd International Conference,
               CAV 2011, Snowbird, UT, USA, July 14-20, 2011. Proceedings},
  booktitle = {CAV},
  publisher = {Springer},
  series    = {Lecture Notes in Computer Science},
  volume    = {6806},
  year      = {2011},
  isbn      = {978-3-642-22109-5},
  ee        = {http://dx.doi.org/10.1007/978-3-642-22110-1},
  bibsource = {DBLP, http://dblp.uni-trier.de}
}

@proceedings{DBLP:conf/mfcs/2011,
  editor    = {Filip Murlak and
               Piotr Sankowski},
  title     = {Mathematical Foundations of Computer Science 2011 - 36th
               International Symposium, MFCS 2011, Warsaw, Poland, August
               22-26, 2011. Proceedings},
  booktitle = {MFCS},
  publisher = {Springer},
  series    = {Lecture Notes in Computer Science},
  volume    = {6907},
  year      = {2011},
  isbn      = {978-3-642-22992-3},
  ee        = {http://dx.doi.org/10.1007/978-3-642-22993-0},
  bibsource = {DBLP, http://dblp.uni-trier.de}
}

@inproceedings{KVAK10,
  author    = {Vijay Anand Korthikanti and
               Mahesh Viswanathan and
               Gul Agha and
               YoungMin Kwon},
  title     = {Reasoning about {MDP}s as Transformers of Probability Distributions},
  booktitle = {QEST},
  year      = {2010},
  pages     = {199-208},
  ee        = {http://dx.doi.org/10.1109/QEST.2010.35},
  crossref  = {DBLP:conf/qest/2010},
  bibsource = {DBLP, http://dblp.uni-trier.de}
}

@proceedings{DBLP:conf/qest/2010,
  title     = {QEST 2010, Seventh International Conference on the Quantitative
               Evaluation of Systems, Williamsburg, Virginia, USA, 15-18
               September 2010},
  booktitle = {QEST},
  publisher = {IEEE Computer Society},
  year      = {2010},
  isbn      = {978-0-7695-4188-4},
  bibsource = {DBLP, http://dblp.uni-trier.de}
}


@inproceedings{CKVAK11,
  author    = {Rohit Chadha and
               Vijay Anand Korthikanti and
               Mahesh Viswanathan and
               Gul Agha and
               YoungMin Kwon},
  title     = {Model Checking {MDP}s with a Unique Compact Invariant Set
               of Distributions},
  booktitle = {QEST},
  year      = {2011},
  pages     = {121-130},
  ee        = {http://doi.ieeecomputersociety.org/10.1109/QEST.2011.22},
  crossref  = {DBLP:conf/qest/2011},
  bibsource = {DBLP, http://dblp.uni-trier.de}
}

@proceedings{DBLP:conf/qest/2011,
  title     = {Eighth International Conference on Quantitative Evaluation
               of Systems, QEST 2011, Aachen, Germany, 5-8 September, 2011},
  booktitle = {QEST},
  publisher = {IEEE Computer Society},
  year      = {2011},
  isbn      = {978-1-4577-0973-9},
  ee        = {http://ieeexplore.ieee.org/xpl/mostRecentIssue.jsp?punumber=6041098},
  bibsource = {DBLP, http://dblp.uni-trier.de}
}

@inproceedings{CSV13,
  author    = {Rohit Chadha and
               A. Prasad Sistla and
               Mahesh Viswanathan},
  title     = {Probabilistic Automata with Isolated Cut-Points},
  booktitle = {MFCS},
  year      = {2013},
  pages     = {254-265},
  ee        = {http://dx.doi.org/10.1007/978-3-642-40313-2_24},
  crossref  = {DBLP:conf/mfcs/2013},
  bibsource = {DBLP, http://dblp.uni-trier.de}
}
@proceedings{DBLP:conf/mfcs/2013,
  editor    = {Krishnendu Chatterjee and
               Jiri Sgall},
  title     = {Mathematical Foundations of Computer Science 2013 - 38th
               International Symposium, MFCS 2013, Klosterneuburg, Austria,
               August 26-30, 2013. Proceedings},
  booktitle = {MFCS},
  publisher = {Springer},
  series    = {Lecture Notes in Computer Science},
  volume    = {8087},
  year      = {2013},
  isbn      = {978-3-642-40312-5},
  ee        = {http://dx.doi.org/10.1007/978-3-642-40313-2},
  bibsource = {DBLP, http://dblp.uni-trier.de}
}

@article{Rabin63,
	author	=  {Michael O. Rabin},
	title	=  {Probabilistic automata},
	journal	=  {Information and Control},
	volume	=  {6(3)},
	pages	=  {230--245},
	year	=  {1963}
}

@article{Bukharaev80,
	author	=  {R.~G. Bukharaev},
	journal	=  {Journal of Mathematical Sciences},
	volume	=  {13(3)},
	year	=  {1980},
	pages	=  {359--386},
	title	=  {Probabilistic Automata}
}

@book{Paz71,
	author	=   {Azaria Paz},
	title	=   {Introduction to probabilistic automata},
	year	=   {1971},
	publisher = {Academic Press}
}

@inproceedings{Bertoni77,
	author    = {Alberto Bertoni and Giancarlo Mauri and Mauro Torelli},
	title     = {Some Recursive Unsolvable Problems Relating to Isolated Cutpoints in Probabilistic Automata},
	booktitle = {International Colloquium on Automata, Languages and Programming},
	year      = {1977},
	pages     = {87-94},
}

@article{Hashigushi90,
	author    = {Kosaburo Hashiguchi},
	title     = {Improved Limitedness Theorems on Finite Automata with Distance Functions},
	journal	  = {Theoretical Computer Science},
	volume    = {72},
	number    = {1},
	year      = {1990},
	pages     = {27-38},
}

@article{Madani03,
	author    = {Omid Madani and Steve Hanks and Anne Condon},
	title     = {On the undecidability of probabilistic planning and related stochastic optimization problems},
	journal   = {Artificial Intelligence},
	volume    = {147},
	number    = {1-2},
	year      = {2003},
	pages     = {5-34}
}

@inproceedings{GO10,
	author    = {Hugo Gimbert and Youssouf Oualhadj},
  	title     = {Probabilistic Automata on Finite Words: Decidable and Undecidable Problems},
  	booktitle = {International Colloquium on Automata, Languages and Programming},
  	year      = {2010},
  	pages     = {527-538},
}

@inproceedings{Kozen77,
  	author    = {Dexter Kozen},
  	title     = {Lower Bounds for Natural Proof Systems},
  	booktitle = {Foundations of Computer Science},
  	year      = {1977},
  	pages     = {254-266},
}
 
@inproceedings{CL89,
  author    = {Anne Condon and Richard J. Lipton},
  title     = {On the Complexity of Space Bounded Interactive Proofs (Extended
               Abstract)},
  booktitle = {Foundations of Computer Science},
  year      = {1989},
  pages     = {462-467},
}

@inproceedings{CT12,
  author    = {Krishnendu Chatterjee and Mathieu Tracol},
  title     = {Decidable Problems for Probabilistic Automata on Infinite Words},
  booktitle = {Logics in Computer Science},
  year      = {2012},
}

@article{CSV11,
  author    = {Rohit Chadha and
               A. Prasad Sistla and
               Mahesh Viswanathan},
  title     = {Power of Randomization in Automata on Infinite Strings},
  journal   = {Logical Methods in Computer Science},
  volume    = {7},
  number    = {3},
  year      = {2011},
  ee        = {http://dx.doi.org/10.2168/LMCS-7(3:22)2011},
  bibsource = {DBLP, http://dblp.uni-trier.de}
}

